@article{dantzig1954solution,
  title={Solution of a large-scale traveling-salesman problem},
  author={Dantzig, George and Fulkerson, Ray and Johnson, Selmer},
  journal={Journal of the operations research society of America},
  volume={2},
  number={4},
  pages={393--410},
  year={1954},
  publisher={INFORMS}
}
@article{miller1960integer,
  title={Integer programming formulation of traveling salesman problems},
  author={Miller, Clair E and Tucker, Albert W and Zemlin, Richard A},
  journal={Journal of the ACM (JACM)},
  volume={7},
  number={4},
  pages={326--329},
  year={1960},
  publisher={ACM New York, NY, USA}
}

@article{sawik2016note,
  title={A note on the Miller-Tucker-Zemlin model for the asymmetric traveling salesman problem},
  author={Sawik, Tadeusz},
  journal={Bulletin of the Polish Academy of Sciences. Technical Sciences},
  volume={64},
  number={3},
  year={2016}
}

@article{gavish1978travelling,
  title={The travelling salesman problem and related problems},
  author={Gavish, Bezalel and Graves, Stephen C},
  year={1978},
  publisher={Massachusetts Institute of Technology, Operations Research Center}
}
@article{orman2006survey,
  title={A survey of different integer programming formulations of the travelling salesman problem},
  author={Orman, AJ and Williams, H Paul},
  journal={Optimisation, Econometric and Financial Analysis},
  volume={9},
  pages={93--108},
  year={2006},
  publisher={Springer}
}

@article{dolan2002benchmarking,
  title={Benchmarking optimization software with performance profiles},
  author={Dolan, E. D. and Mor{\'e}, J.J.},
  journal={Mathematical Programming},
  volume={91},
  number={2},
  pages={201--213},
  year={2002},
  publisher={Springer}
}

@article{balas1980pivot,
  title={Pivot and complement--a heuristic for 0-1 programming},
  author={Balas, Egon and Martin, Clarence H},
  journal={Management science},
  volume={26},
  number={1},
  pages={86--96},
  year={1980},
  publisher={INFORMS}
}

@article{fischetti2003local,
  title={Local branching},
  author={Fischetti, Matteo and Lodi, Andrea},
  journal={Mathematical programming},
  volume={98},
  number={1},
  pages={23--47},
  year={2003},
  publisher={Springer}
}

@article{mladenovic1997variable,
  title={Variable neighborhood search},
  author={Mladenovi{\'c}, Nenad and Hansen, Pierre},
  journal={Computers \& operations research},
  volume={24},
  number={11},
  pages={1097--1100},
  year={1997},
  publisher={Elsevier}
}
@article{glover1986future,
  title={Future paths for integer programming and links to artificial intelligence},
  author={Glover, Fred},
  journal={Computers \& operations research},
  volume={13},
  number={5},
  pages={533--549},
  year={1986},
  publisher={Elsevier}
}
@article{czyzyk1998neos,
  title={The NEOS server},
  author={Czyzyk, Joseph and Mesnier, Michael P and Mor{\'e}, Jorge J},
  journal={IEEE Computational Science and Engineering},
  volume={5},
  number={3},
  pages={68--75},
  year={1998},
  publisher={IEEE}
}
@article{dolan2001neos,
  title={NEOS Server 4.0 administrative guide},
  author={Dolan, Elizabeth D},
  journal={arXiv preprint cs/0107034},
  year={2001}
}
@techreport{gropp1997optimization,
  title={Optimization environments and the NEOS server},
  author={Gropp, William and Mor{\'e}, Jorge J},
  year={1997},
  institution={Argonne National Lab., IL (United States)}
}
